@incollection{Heisenberg1927-Wheeler+Zurek,
 URL = {http://www.jstor.org/stable/j.ctt7ztxn5.11},
 abstract = {<p>We believe we understand the physical content of a theory when we can see its qualitative experimental consequences in all simple cases and when at the same time we have checked that the application of the theory never contains inner contradictions. For example, we believe that we understand the physical content of Einstein's concept of a closed 3-dimensional space because we can visualize consistently the experimental consequences of this concept. Of course these consequences contradict our everyday physical concepts of space and time. However, we can convince ourselves that the possibility of employing usual space-time concepts at cosmological distances can</p>},
 author = {Heisenberg, Werner},
 booktitle = {Quantum Theory and Measurement},
 pages = {62--84},
 editor = {Wheeler, John Archibald and Zurek, Wojciech Hubert},
 publisher = {Princeton University Press},
 title = {THE PHYSICAL CONTENT OF QUANTUM KINEMATICS AND MECHANICS},
 year = {1983}
}

@article{Kennard1927,
author={Kennard, Earle Hesse},
title="Zur Quantenmechanik einfacher Bewegungstypen",
journal="Zeitschrift f{\"u}r Physik",
year="1927",
month="Apr",
day="01",
volume="44",
number="4",
pages="326--352",
abstract="Es wird die quantenmechanische L{\"o}sung einfacher Bewegungstypen (Elektron im homogenen elektrischen bzw. magnetischen Felde, Oszillator) nach der Dirac- Jordan-Heisenbergschen Methode gegeben. Das Ergebnis kann dahin formuliert werden, da{\ss} der Unterschied der Quantentheorie von der klassischen in solchen einfachen F{\"a}llen nur in der Heisenbergschen Unbestimmtheitsrelation zwischen den Werten kanonisch konjugierter Variabein besteht. Die Voraussetzung daf{\"u}r ist, da{\ss} das â€žWellenpaket`` von Schr{\"o}dinger im Sinne der neuen Theorie als â€žWahrscheinlichkeitspaket`` umgedeutet wird. Nebenbei wird die mathematische Theorie an einigen Stellen ausf{\"u}hrlicher dargestellt.",
issn="0044-3328",
doi="10.1007/BF01391200",
url="https://doi.org/10.1007/BF01391200"
}

@article{Weyl1927,
author="Weyl, Hermann",
title="Quantenmechanik und Gruppentheorie",
journal="Zeitschrift f{\"u}r Physik",
year="1927",
month="Nov",
day="01",
volume="46",
number="1",
pages="1--46",
abstract="Einleitung und Zusammenfassung. --- I. Teil. Bedeutung der Repr{\"a}sentation von physikalischen Gr{\"o}{\ss}en durch Hermitesche Formen. {\textsection} 1. Mathematische Grundbegriffe, die Hermiteschen Formen betreffend. {\textsection} 2. Der physikalische Begriff des reinen Falles. {\textsection} 3. Die physikalische Bedeutung der repr{\"a}sentierenden Hermiteschen Form. {\textsection} 4. Statistik der Gemenge. --- II. Teil: Kinematik als Gruppe. {\textsection} 5. {\"U}ber Gruppen und ihre unit{\"a}ren Darstellungen. {\textsection} 6. {\"U}bertragung auf kontinuierliche Gruppen. {\textsection} 7. Ersatz der kanonischen Variablen durch die Gruppe. Das Elektron. {\textsection} 8. {\"U}bergang zu Schr{\"o}dingers Wellentheorie. --- III. Teil. Das dynamische Problem. {\textsection} 9. Das Gesetz der zeitlichen Ver{\"a}nderung. Die Zeitgesamtheit. {\textsection} 10. Kinetische Energie und Coulombsche Kraft in der relativistischen Quantenmechanik. --- Mathematischer Anhang.",
issn="0044-3328",
doi="10.1007/BF02055756",
url="https://doi.org/10.1007/BF02055756"
}

@article{Robertson1929,
  title = {The Uncertainty Principle},
  author = {Robertson, H. P.},
  journal = {Phys. Rev.},
  volume = {34},
  issue = {1},
  pages = {163--164},
  numpages = {0},
  year = {1929},
  month = {Jul},
  publisher = {American Physical Society},
  doi = {10.1103/PhysRev.34.163},
  url = {https://link.aps.org/doi/10.1103/PhysRev.34.163}
}

@article{Schrodinger1930,
      author         = "Schrodinger, E.",
      title          = "{About Heisenberg uncertainty relation}",
      journal        = "Bulg. J. Phys.",
      volume         = "26",
      year           = "1999",
      pages          = "193",
      note           = "[Sitzungsber. Preuss. Akad. Wiss. Berlin (Math.
                        Phys.)19,296(1930)]",
      eprint         = "quant-ph/9903100",
      archivePrefix  = "arXiv",
      primaryClass   = "quant-ph",
      SLACcitation   = "%%CITATION = QUANT-PH/9903100;%%"
}

@article{MacconePatti2014PRL,
  title = {Stronger Uncertainty Relations for All Incompatible Observables},
  author = {Maccone, Lorenzo and Pati, Arun K.},
  journal = {Phys. Rev. Lett.},
  volume = {113},
  issue = {26},
  pages = {260401},
  numpages = {5},
  year = {2014},
  month = {Dec},
  publisher = {American Physical Society},
  doi = {10.1103/PhysRevLett.113.260401},
  url = {https://link.aps.org/doi/10.1103/PhysRevLett.113.260401}
}

@article{Huang2012,
  title = {Variance-based uncertainty relations},
  author = {Huang, Yichen},
  journal = {Phys. Rev. A},
  volume = {86},
  issue = {2},
  pages = {024101},
  numpages = {2},
  year = {2012},
  month = {Aug},
  publisher = {American Physical Society},
  doi = {10.1103/PhysRevA.86.024101},
  url = {https://link.aps.org/doi/10.1103/PhysRevA.86.024101}
}

@article{Bialynicki-BirulaMycielski1975,
author="Bia{\l}ynicki-Birula, Iwo and Mycielski, Jerzy",
title="Uncertainty relations for information entropy in wave mechanics",
journal="Communications in Mathematical Physics",
year="1975",
month="Jun",
day="01",
volume="44",
number="2",
pages="129--132",
abstract="New uncertainty relations in quantum mechanics are derived. They express restrictions imposed by quantum theory on probability distributions of canonically conjugate variables in terms of corresponding information entropies. The Heisenberg uncertainty relation follows from those inequalities and so does the Gross-Nelson inequality.",
issn="1432-0916",
doi="10.1007/BF01608825",
url="https://doi.org/10.1007/BF01608825"
}

@article{Deutsch1983,
  title = {Uncertainty in Quantum Measurements},
  author = {Deutsch, David},
  journal = {Phys. Rev. Lett.},
  volume = {50},
  issue = {9},
  pages = {631--633},
  numpages = {0},
  year = {1983},
  month = {Feb},
  publisher = {American Physical Society},
  doi = {10.1103/PhysRevLett.50.631},
  url = {https://link.aps.org/doi/10.1103/PhysRevLett.50.631}
}

@article{MaassenUffink1988,
  title = {Generalized entropic uncertainty relations},
  author = {Maassen, Hans and Uffink, J. B. M.},
  journal = {Phys. Rev. Lett.},
  volume = {60},
  issue = {12},
  pages = {1103--1106},
  numpages = {0},
  year = {1988},
  month = {Mar},
  publisher = {American Physical Society},
  doi = {10.1103/PhysRevLett.60.1103},
  url = {https://link.aps.org/doi/10.1103/PhysRevLett.60.1103}
}

@Article{UffinkHilgevoord1985,
author="Uffink, J. B. M.
and Hilgevoord, J.",
title="Uncertainty principle and uncertainty relations",
journal="Foundations of Physics",
year="1985",
month="Sep",
day="01",
volume="15",
number="9",
pages="925--944",
abstract="It is generally believed that the uncertainty relation $\Delta$q $\Delta$pâ‰¥1/2Ä§, where $\Delta$q and $\Delta$p are standard deviations, is the precise mathematical expression of the uncertainty principle for position and momentum in quantum mechanics. We show that actually it is not possible to derive from this relation two central claims of the uncertainty principle, namely, the impossibility of an arbitrarily sharp specification of both position and momentum (as in the single-slit diffraction experiment), and the impossibility of the determination of the path of a particle in an interference experiment (such as the double-slit experiment).",
issn="1572-9516",
doi="10.1007/BF00739034",
url="https://doi.org/10.1007/BF00739034"
}



@article{BuschLahtiWernerColloquium2014,
author = {Busch, Paul and Lahti, Pekka and Werner, Reinhard},
year = {2014},
month = {12},
pages = {1261-1281},
title = {Colloquium: Quantum root-mean-square error and measurement uncertainty relations},
volume = {86},
journal = {Reviews of Modern Physics},
doi = {10.1103/RevModPhys.86.1261}
}
@article{DammeierSchwonnekWerner2015,
	doi = {10.1088/1367-2630/17/9/093046},
	url = {https://doi.org/	10.1088/1367-2630/17/9/093046},
	year = 2015,
	month = {sep},
	publisher = {{IOP} Publishing},
	volume = {17},
	number = {9},
	pages = {093046},
	author = {Lars Dammeier and Ren{\'{e}} Schwonnek and Reinhard F Werner},
	title = {Uncertainty relations for angular momentum},
	journal = {New Journal of Physics},
	annote = {In this work we study various notions of uncertainty for angular momentum in the spin-s representation of SU(2). We characterize the ‘uncertainty regions’ given by all vectors, whose components are specified by the variances of the three angular momentum components. A basic feature of this set is a lower bound for the sum of the three variances. We give a method for obtaining optimal lower bounds for uncertainty regions for general operator triples, and evaluate these for small s. Further lower bounds are derived by generalizing the technique by which Robertson obtained his state-dependent lower bound. These are optimal for large s, since they are saturated by states taken from the Holstein–Primakoff approximation. We show that, for all s, all variances are consistent with the so-called vector model, i.e., they can also be realized by a classical probability measure on a sphere of radius  Entropic uncertainty relations can be discussed similarly, but are minimized by different states than those minimizing the variances for small s. For large s the Maassen–Uffink bound becomes sharp and we explicitly describe the extremalizing states. Measurement uncertainty, as recently discussed by Busch, Lahti and Werner for position and momentum, is introduced and a generalized observable (POVM) which minimizes the worst case measurement uncertainty of all angular momentum components is explicitly determined, along with the minimal uncertainty. The output vectors for the optimal measurement all have the same length  where  as}
}

@article{LiQiao2015,
doi = {10.1038/srep12708},
url = {https://doi.org/10.1038/srep12708}, 
author = {Li, Jun-Li and Qiao, Cong-Feng}, 
title = {Reformulating the Quantum Uncertainty Relation},
jornal = {Scientific Reports},
year = {2015},
month = {aug},
volume = {5},
pages = {12708}
}

@article{KaniewskiTomamichelWehner2015,
  title = {Entropic uncertainty from effective anticommutators},
  author = {Kaniewski, J\ifmmode \mbox{\k{e}}\else \k{e}\fi{}drzej and Tomamichel, Marco and Wehner, Stephanie},
  journal = {Phys. Rev. A},
  volume = {90},
  issue = {1},
  pages = {012332},
  numpages = {8},
  year = {2014},
  month = {Jul},
  publisher = {American Physical Society},
  doi = {10.1103/PhysRevA.90.012332},
  url = {https://link.aps.org/doi/10.1103/PhysRevA.90.012332}
}

@article{BuschLahtiWerner2014,
  title = {Heisenberg uncertainty for qubit measurements},
  author = {Busch, Paul and Lahti, Pekka and Werner, Reinhard F.},
  journal = {Phys. Rev. A},
  volume = {89},
  issue = {1},
  pages = {012129},
  numpages = {7},
  year = {2014},
  month = {Jan},
  publisher = {American Physical Society},
  doi = {10.1103/PhysRevA.89.012129},
  url = {https://link.aps.org/doi/10.1103/PhysRevA.89.012129}
}


@article{AbbottAlzieuHallBranciard2016,
AUTHOR = {Abbott, Alastair A. and Alzieu, Pierre-Louis and Hall, Michael J. W. and Branciard, Cyril},
TITLE = {Tight State-Independent Uncertainty Relations for Qubits},
JOURNAL = {Mathematics},
VOLUME = {4},
YEAR = {2016},
NUMBER = {1},
ARTICLE-NUMBER = {8},
URL = {http://www.mdpi.com/2227-7390/4/1/8},
ISSN = {2227-7390},
ABSTRACT = {The well-known Robertson–Schrödinger uncertainty relations have state-dependent lower bounds, which are trivial for certain states. We present a general approach to deriving tight state-independent uncertainty relations for qubit measurements that completely characterise the obtainable uncertainty values. This approach can give such relations for any number of observables, and we do so explicitly for arbitrary pairs and triples of qubit measurements. We show how these relations can be transformed into equivalent tight entropic uncertainty relations. More generally, they can be expressed in terms of any measure of uncertainty that can be written as a function of the expectation value of the observable for a given state.},
DOI = {10.3390/math4010008}
}

@article{HofmannTakeuchi2003,
  title = {Violation of local uncertainty relations as a signature of entanglement},
  author = {Hofmann, Holger F. and Takeuchi, Shigeki},
  journal = {Phys. Rev. A},
  volume = {68},
  issue = {3},
  pages = {032103},
  numpages = {6},
  year = {2003},
  month = {Sep},
  publisher = {American Physical Society},
  doi = {10.1103/PhysRevA.68.032103},
  url = {https://link.aps.org/doi/10.1103/PhysRevA.68.032103}
}

@ARTICLE{SzymanskiZyczkowski2018,
       author = {{Szyma{\'n}ski}, Konrad and {{\.Z}yczkowski}, Karol},
        title = "{Geometric and algebraic origins of additive uncertainty relations}",
      journal = {arXiv e-prints},
     keywords = {Quantum Physics, 81Q10, 47A12},
         year = 2018,
        month = Apr,
          eid = {arXiv:1804.06191},
        pages = {arXiv:1804.06191},
archivePrefix = {arXiv},
       eprint = {1804.06191},
 primaryClass = {quant-ph},
       adsurl = {https://ui.adsabs.harvard.edu/\#abs/2018arXiv180406191S},
      adsnote = {Provided by the SAO/NASA Astrophysics Data System}
}

@Article{ZhangZhangYu2017,
author="Zhang, Jun and Zhang, Yang and Yu, Chang-shui",
title="Stronger uncertainty relations with improvable upper and lower bounds",
journal="Quantum Information Processing",
year="2017",
month="Apr",
day="06",
volume="16",
number="5",
pages="131",
abstract="The quantum superposition principle is used to establish improved upper and lower bounds for the Maccone--Pati uncertainty inequality, which is based on a ``weighted-like'' sum of the variances of observables. Our bounds include free parameters that not only guarantee nontrivial bounds but also effectively control the bounds' tightness. Significantly, these free parameters depend on neither the state nor the observables. A feature of our method is that any nontrivial bound can always be improved. In addition, we generalize both bounds to uncertainty relations with multiple (three or more) observables, maintaining the uncertainty relations' tightness. Examples are given to illustrate our improved bounds.",
issn="1573-1332",
doi="10.1007/s11128-017-1585-z",
url="https://doi.org/10.1007/s11128-017-1585-z"
}

@article{BuschHeinosaari2008,
 author = {Busch, Paul and Heinosaari, Teiko},
 title = {Approximate Joint Measurements of Qubit Observables},
 journal = {Quantum Info. Comput.},
 issue_date = {September 2008},
 volume = {8},
 number = {8},
 month = sep,
 year = {2008},
 issn = {1533-7146},
 pages = {797--818},
 numpages = {22},
 url = {https://arxiv.org/abs/0706.1415},
 acmid = {2017020},
 publisher = {Rinton Press, Incorporated},
 address = {Paramus, NJ},
 keywords = {approximate measurements, inaccuracy relation, joint measurements, unsharp observables},
} 

@article{BuschBullock2018,
	doi = {10.1088/1751-8121/aac729},
	url = {https://doi.org/10.1088%2F1751-8121%2Faac729},
	year = 2018,
	month = {jun},
	publisher = {{IOP} Publishing},
	volume = {51},
	number = {28},
	pages = {283001},
	author = {T Bullock and P Busch},
	title = {Measurement uncertainty relations: characterising optimal error bounds for qubits},
	journal = {Journal of Physics A: Mathematical and Theoretical},
	annote = {In standard formulations of the uncertainty principle, two fundamental features are typically cast as impossibility statements: two noncommuting observables cannot in general both be sharply defined (for the same state), nor can they be measured jointly. The pioneers of quantum mechanics were acutely aware and puzzled by this fact, and it motivated Heisenberg to seek a mitigation, which he formulated in his seminal paper of 1927. He provided intuitive arguments to show that the values of, say, the position and momentum of a particle can at least be unsharply defined, and they can be measured together provided some approximation errors are allowed. Only now, nine decades later, a working theory of approximate joint measurements is taking shape, leading to rigorous and experimentally testable formulations of associated error tradeoff relations. Here we briefly review this new development, explaining the concepts and steps taken in the construction of optimal joint approximations of pairs of incompatible observables. As a case study, we deduce measurement uncertainty relations for qubit observables using two distinct error measures. We provide an operational interpretation of the error bounds and discuss some of the first experimental tests of such relations.}
}

@article{p-norm-contraction,
author = {P\'erez-Garc\'ia, David. and Wolf, Michael M. and Petz, Denes},
title = "Contractivity of positive and trace preserving maps under $L_p$ norms",
journal = "Journal of Mathematical Physics",
year = "2006",
volume = "47",
doi = "10.1063/1.2218675"
}

@book{rtr-conv-anal-book,
author = {Rockafellar, Ralph Tyrell},
title = "Convex Analysis",
year = "1970",
publisher = "Princeton University Press"
}
@book{matrix-analysis,
author = {Horn, Roger Alan and Johnson, Charles Royal},
title = "Matrix Analysis",
year = "2012",
publisher = "Cambridge University Press"
}
@ARTICLE{yu-oh-qubit,
   author = {{Yu}, S. and {Oh}, C.~H.},
    title = "{Optimal joint measurement of two observables of a qubit}",
  journal = {ArXiv e-prints},
archivePrefix = "arXiv",
   eprint = {1402.3785},
 primaryClass = "quant-ph",
 keywords = {Quantum Physics},
     year = 2014,
    month = feb,
   adsurl = {http://adsabs.harvard.edu/abs/2014arXiv1402.3785Y},
  adsnote = {Provided by the SAO/NASA Astrophysics Data System}
}

@ARTICLE{dsw-meas-ur-ang-mom,
   author = {{Dammeier}, L. and {Schwonnek}, R. and {Werner}, R.~F.},
    title = "{Uncertainty relations for angular momentum}",
  journal = {New Journal of Physics},
archivePrefix = "arXiv",
   eprint = {1505.00049},
 primaryClass = "quant-ph",
     year = 2015,
    month = sep,
   volume = 17,
   number = 9,
      eid = {093046},
    pages = {093046},
      doi = {10.1088/1367-2630/17/9/093046},
   adsurl = {http://adsabs.harvard.edu/abs/2015NJPh...17i3046D},
  adsnote = {Provided by the SAO/NASA Astrophysics Data System}
}

@ARTICLE{blw-meas-uncertainty,
   author = {{Busch}, P. and {Lahti}, P. and {Werner}, R.~F.},
    title = "{Measurement uncertainty relations}",
  journal = {Journal of Mathematical Physics},
archivePrefix = "arXiv",
   eprint = {1312.4392},
 primaryClass = "quant-ph",
     year = 2014,
    month = apr,
   volume = 55,
   number = 4,
      eid = {042111},
    pages = {042111},
      doi = {10.1063/1.4871444},
   adsurl = {http://adsabs.harvard.edu/abs/2014JMP....55d2111B},
  adsnote = {Provided by the SAO/NASA Astrophysics Data System}
}

@ARTICLE{srw-meas-uncertainty-finite,
   author = {{Schwonnek}, R. and {Reeb}, D. and {Werner}, R.~F.},
    title = "{Measurement Uncertainty for Finite Quantum Observables}",
  journal = {ArXiv e-prints},
archivePrefix = "arXiv",
   eprint = {1604.00382},
 primaryClass = "quant-ph",
 keywords = {Quantum Physics, Mathematical Physics},
     year = 2016,
    month = apr,
   adsurl = {http://adsabs.harvard.edu/abs/2016arXiv160400382S},
  adsnote = {Provided by the SAO/NASA Astrophysics Data System}
}


@article{w-semidefinite-prog-cb-norms,
  author = {Watrous, J.},
  title = {Semidefinite Programs for Completely Bounded Norms},
  journal = {Theory of Computing},
  year = {2009},
  month = {February},
  doi = {10.4086/toc.2009.v005a011},
  pages = {217-238}
}

@book{schrijver-lin-int-prog,
  author = {Schrijver, A.},
  title = {Theory of Linear and Integer Programming},
  editors = {Graham, Ronald L. and Lenstra, Jan Karel and Tarjan, Robert E. },
  year = {1986},
  publisher = {John Wiley and Sons Ltd.}
}

@article{Vandenberghe-Boyd-semidefinite,
 ISSN = {00361445},
 URL = {http://www.jstor.org/stable/2132974},
 abstract = {In semidefinite programming, one minimizes a linear function subject to the constraint that an affine combination of symmetric matrices is positive semidefinite. Such a constraint is nonlinear and nonsmooth, but convex, so semidefinite programs are convex optimization problems. Semidefinite programming unifies several standard problems (e.g., linear and quadratic programming) and finds many applications in engineering and combinatorial optimization. Although semidefinite programs are much more general than linear programs, they are not much harder to solve. Most interior-point methods for linear programming have been generalized to semidefinite programs. As in linear programming, these methods have polynomial worst-case complexity and perform very well in practice. This paper gives a survey of the theory and applications of semidefinite programs and an introduction to primal-dual interior-point methods for their solution.},
 author = {Lieven Vandenberghe and Stephen Boyd},
 journal = {SIAM Review},
 number = {1},
 pages = {49--95},
 publisher = {Society for Industrial and Applied Mathematics},
 title = {Semidefinite Programming},
 volume = {38},
 year = {1996}
}


@article{riesz-representation-riesz,
  title={Sur une esp{\`e}ce de G{\'e}om{\'e}trie analytique des syst{\`e}mes de fonctions sommables},
  author={Riesz, F.},
  year={1907},
  journal = {Comptes rendus de l'Académie des Sciences}, 
  pages = {1409–1411},
  volume = {144}
}

@article{riesz-representation-frechet,
  title={Sur les ensembles de fonctions et les op{\'e}rations lin{\'e}aires},
  author={Fr{\'e}chet},
  year={1907},
  journal = {Comptes rendus de l'Académie des Sciences}, 
  pages = {1414–1416},
  volume = {144}
}

@book{quantum-measurement-busch-et-al,
  title={Quantum Measurement},
  author = {Busch, Paul and Lahti, Pekka and Pellon\"a\"a, Juka-Pekka and Ylinen, Kari},
  year = {2016},
  publisher = {Springer}
  
}

@book{statistical-structure-quantum-holevo,
  title = {Statistical Structure of Quantum Theory},
  author = {Holevo, Alexander S.},
  year = {2001},
  publisher = {Springer}
}

@article{Neumann1927,
author = {Neumann, J. von},
journal = {Nachrichten von der Gesellschaft der Wissenschaften zu Göttingen, Mathematisch-Physikalische Klasse},
pages = {245-272},
title = {Wahrscheinlichkeitstheoretischer Aufbau der Quantenmechanik},
url = {http://eudml.org/doc/59230},
volume = {1927},
year = {1927},
}

@article{stormer1963,
author = "Størmer, Erling",
doi = "10.1007/BF02391860",
fjournal = "Acta Mathematica",
journal = "Acta Math.",
pages = "233--278",
publisher = "Institut Mittag-Leffler",
title = "Positive linear maps of operator algebras",
url = "https://doi.org/10.1007/BF02391860",
volume = "110",
year = "1963"
}

@incollection{stormer1974,
    title = {Positive linear maps of $C^*$ algebras},
    booktitle = {Foundations of Quantum Mechanics and Ordered Linear Spaces},
    year = 1974,
    series = {Lecture Notes in Physics, Berlin Springer Verlag},
    volume = 29,
    editor = {{Hartk{\"a}mper}, A. and {Neumann}, H.},
    doi = {10.1007/3-540-06725-6},
    adsurl = {http://adsabs.harvard.edu/abs/1974LNP....29.....H}
  }


@incollection{slater1950,
  title = {Lagrange multipliers revisited},
  booktitle = {Traces and Emergence of Nonlinear Programming},
  author = {Slater, Morton},
  editor = {Giogi, Giorgio and Kjeldsen, Tinne Hoff},
  year = {2014},
  month = {11},
  publisher = {Springer}
}
@book{wigner1931,
  title = {Gruppentheorie und ihre Anwendungen auf die Quantenmechanik der Atomspektren},
  author = {Wigner,E. P. },
  publisher = {Friedrich Vieweg und Sohn},
  year = {1931}
}
@article{wigner1960,
  author = {Wigner,E. P. },
  title = {Group Theory and Its Application to the Quantum Mechanics of Atomic Spectra},
  journal = {American Journal of Physics},
  volume = {28},
  number = {4},
  pages = {408-409},
  year = {1960},
  doi = {10.1119/1.1935822},
  URL = {https://doi.org/10.1119/1.1935822},
  eprint = {https://doi.org/10.1119/1.1935822}
}
  
@article{bargmann1964-wigner,
  author = {Bargmann,V. },
  title = {Note on Wigner's Theorem on Symmetry Operations},
  journal = {Journal of Mathematical Physics},
  volume = {5},
  number = {7},
  pages = {862-868},
  year = {1964},
  doi = {10.1063/1.1704188},
  URL = {https://doi.org/10.1063/1.1704188},
  eprint = {https://doi.org/10.1063/1.1704188}
}

@book{markov-mixing-levin-peres-wilmer,
  author = {Levin, David A. and Peres, Yuval},
  title = {Markov Chains and Mixing Times},
  publisher = {AMS},
  year = {2017}
}
@book{optimal-transport-villani,
  author = {Villani, C\'edric},
  title = {Optimal transport: Old and New},
  publisher = {Springer-Verlag},
  year = {2009}
}