@article{opIntSesq,
author = {Dubin, D.A. and Kiukas, J. and PellonP\"a\"a, J.-P. and  Ylinen, K.},
title = "Operator Integrals and Sesquilinear Forms",
journaltitle = "J. Math. Anal. Appl",
year = "2014",
version = "250-268"
pp = "250-268",
}
